@article{Papadopoulos2011ASimulators,
    title = {{A Comparative Review on Wildfire Simulators}},
    year = {2011},
    journal = {IEEE Systems Journal},
    author = {Papadopoulos, G D and Pavlidou, F-N},
    number = {2},
    month = {6},
    pages = {233--243},
    volume = {5},
    url = {http://ieeexplore.ieee.org/document/5738359/},
    doi = {10.1109/JSYST.2011.2125230},
    issn = {1932-8184},
    keywords = {Event propagation, FARSITE, simulator models, wildfire}
}

@article{Finney2011ASimulation,
    title = {{A Method for Ensemble Wildland Fire Simulation}},
    year = {2011},
    journal = {Environmental Modeling {\&} Assessment},
    author = {Finney, Mark A. and Grenfell, Isaac C. and McHugh, Charles W. and Seli, Robert C. and Trethewey, Diane and Stratton, Richard D. and Brittain, Stuart},
    number = {2},
    month = {4},
    pages = {153--167},
    volume = {16},
    publisher = {Kluwer Academic Publishers},
    url = {http://link.springer.com/10.1007/s10666-010-9241-3},
    doi = {10.1007/s10666-010-9241-3},
    issn = {1420-2026},
    keywords = {Decision support, Fire behavior, Fire simulation, Risk assessment, Wildland fire}
}

@article{Finney2011AStates,
    title = {{A simulation of probabilistic wildfire risk components for the continental United States}},
    year = {2011},
    journal = {Stochastic Environmental Research and Risk Assessment},
    author = {Finney, Mark A. and McHugh, Charles W. and Grenfell, Isaac C. and Riley, Karin L. and Short, Karen C.},
    number = {7},
    month = {10},
    pages = {973--1000},
    volume = {25},
    publisher = {Springer},
    url = {https://link.springer.com/article/10.1007/s00477-011-0462-z},
    doi = {10.1007/S00477-011-0462-Z/FIGURES/10},
    issn = {14363240},
    keywords = {Chemistry and Earth Sciences, Computational Intelligence, Computer Science, Earth Sciences, Math. Appl. in Environmental Science, Physics, Probability Theory and Stochastic Processes, Statistics for Engineering, Waste Water Technology / Water Pollution Control / Water Management / Aquatic Pollution, general}
}

@article{Bogdos2013ACapabilities,
    title = {{A tool for simulation and geo-animation of wildfires with fuel editing and hotspot monitoring capabilities}},
    year = {2013},
    journal = {Environmental Modelling {\&} Software},
    author = {Bogdos, Nikos and Manolakos, Elias S.},
    month = {8},
    pages = {182--195},
    volume = {46},
    url = {https://linkinghub.elsevier.com/retrieve/pii/S1364815213000728},
    doi = {10.1016/j.envsoft.2013.03.009},
    issn = {13648152},
    keywords = {Automated wildfire simulation, Fire geo-animation, Fuel models spatial editing, Ignition hotspot monitoring, Wildfire behavior simulation}
}

@article{Ager2009ApplicationAnalysis,
    title = {{Application of wildfire simulation models for risk analysis}},
    year = {2009},
    journal = {Geophysical Research Abstracts. 11: EGU2009-5489},
    author = {Ager, Alan A. and Finney, Mark A.},
    url = {https://www.fs.usda.gov/research/treesearch/42278}
}

@article{Ntaimo2008DEVS-FIRE:Containment,
    title = {{DEVS-FIRE: Towards an Integrated Simulation Environment for Surface Wildfire Spread and Containment}},
    year = {2008},
    journal = {SIMULATION},
    author = {Ntaimo, Lewis and {Xiaolin Hu} and {Yi Sun}},
    number = {4},
    month = {4},
    pages = {137--155},
    volume = {84},
    url = {http://journals.sagepub.com/doi/10.1177/0037549708094047},
    doi = {10.1177/0037549708094047},
    issn = {0037-5497},
    keywords = {DEVS, dynamic structured DEVS (DSDEVS), fire containment, fire spread}
}

@article{Singh2017ForestGIS,
    title = {{Forest fire simulation modeling using remote sensing {\&} GIS}},
    year = {2017},
    journal = {International Journal of Advanced Research in Computer Science},
    author = {Singh, Suraj Kumar and Kanga, Shruti},
    pages = {326--332},
    volume = {8},
    url = {http://www.ijarcs.info/index.php/Ijarcs/article/view/3301},
    doi = {10.26483/IJARCS.V8I5.3301}
}

@article{Zheng2017ForestMachine,
    title = {{Forest fire spread simulating model using cellular automaton with extreme learning machine}},
    year = {2017},
    journal = {Ecological Modelling},
    author = {Zheng, Zhong and Huang, Wei and Li, Songnian and Zeng, Yongnian},
    month = {3},
    pages = {33--43},
    volume = {348},
    publisher = {Elsevier},
    url = {https://linkinghub.elsevier.com/retrieve/pii/S0304380016303064},
    doi = {10.1016/j.ecolmodel.2016.12.022},
    issn = {03043800},
    keywords = {Cellular automaton, Forest fire, Machine learning, Simulation}
}

@incollection{Russel2010IntelligentAgents,
    title = {{Intelligent Agents}},
    year = {2010},
    booktitle = {Artificial Intelligence: A Modern Approach, 3rd ed.},
    author = {Russel, Stuart and Norvig, Peter},
    edition = {Third},
    pages = {34--63},
    publisher = {Pearson Education. Inc.},
    address = {New Jersey}
}

@article{Viegas2011OverviewResearch,
    title = {{Overview of Forest Fire Propagation Research}},
    year = {2011},
    journal = {Fire Safety Science},
    author = {Viegas, D.},
    month = {1},
    pages = {95--108},
    volume = {10},
    url = {http://www.iafss.org/publications/fss/10/95},
    doi = {10.3801/IAFSS.FSS.10-95},
    issn = {18174299},
    keywords = {fire growth, flame spread, modeling, wildfires}
}